/home/benjamin_peter/Dropbox/zotero/main.bib